@article{Bengio2003neural,
 author = {Bengio, Yoshua and Ducharme, R{\'e}jean and Vincent, Pascal and Janvin, Christian},
 title = {A Neural Probabilistic Language Model},
 journal = {J. Mach. Learn. Res.},
 issue_date = {3/1/2003},
 volume = {3},
 month = mar,
 year = {2003},
 issn = {1532-4435},
 pages = {1137--1155},
 numpages = {19},
 url = {http://dl.acm.org/citation.cfm?id=944919.944966},
 acmid = {944966},
 publisher = {JMLR.org},
} 